
@book{freidberg_plasma_2007,
	title = {Plasma physics and fusion energy},
	isbn = {978-0-521-85107-7 978-0-521-73317-5},
	publisher = {Cambridge University Press},
	author = {Freidberg, Jeffrey P.},
	year = {2007},
	keywords = {Controlled fusion, Fusion nucléaire contrôlée, Plasma (Gaz ionisés), Plasma (Ionized gases)}
}

@book{PlasmaDiagnosis,
	title = {Fusion Plasma Diagnostics with mm-Waves},
	isbn = {978-3-527-41105-4 978-3-527-67626-2},
	publisher = {Wiley-VCH},
	author = {Hans-Jürgen Hartfuß and Thomas Geist},
	year = {2013},
}
