@FOOTNOTE{Note1,key="Note1",note="\protect \url  {https://www.iter.org/}"}
@FOOTNOTE{Note2,key="Note2",note="\protect \href  {https://en.wikipedia.org/wiki/Hydrogen_spectral_series}{``Hydrogen spectral series'' - Wikipedia (Visited January 22\relax \protect \textsuperscript  {nd})}"}
@FOOTNOTE{Note3,key="Note3",note="\protect \href  {https://en.wikipedia.org/wiki/Deuterium##Spectroscopy}{``Deuterium\#Spectroscopy'' - Wikipedia (Visited January 22\relax \protect \textsuperscript  {nd})}"}
@FOOTNOTE{Note4,key="Note4",note="\protect \href  {https://en.wikipedia.org/wiki/Fusion_energy_gain_factor}{``Fusion energy gain factor'' - Wikipedia (Visited January 24\relax \protect \textsuperscript  {th})}"}
@CONTROL{REVTEX41Control}
@CONTROL{apsrev41Control,author="00",editor="1",pages="1",title="0",year="0"}
